% This file was created with JabRef 2.5.
% Encoding: Cp1252

@MISC{timwww,
  author = {Tim Berners-Lee},
  title = {WWW Book (no real book, it's just an example)}
}

@MISC{billgates,
  author = {Bill Gates},
  title = {no real citate}
}

@MISC{stevejobs,
  author = {Steve Jobs},
  title = {no real citate}
}

@BOOK{SIPBook,
  title = {SIP, understanding the Session Initiation Protocol, Second Edition},
  publisher = {Artech House Publishers},
  year = {2003},
  author = {Alan B. Johnston},
  note = {ISBN: 1580536557}
}


@MANUAL{w3cwsdl,
  title = {Web Services Description Language (WSDL) 1.1},
  organization = {W3C},
  year = {2001},
  note = {\url{http://www.w3.org/TR/wsdl}}
}

@inproceedings{everyoneLS,
  title={Everyone Likes Shopping! Multi-class Product Categorization for e-Commerce},
  author={Zornitsa Kozareva},
  booktitle={HLT-NAACL},
  year={2015}
}

